% ....názov súboru je: literatura.bib

%https://www.overleaf.com/learn/latex/Bibliography_management_in_LaTeX

% zdroje na webe
% 1
@misc{eYewated1,
	author = "eYewated",
	title = "Čo je mobilná aplikácia?",
	howpublished = "\url{https://sk.eyewated.com/co-je-mobilna-aplikacia/}",
}

% 2
@misc{winpc,
	author = "winpcguide",
	title = "Postup vývoja mobilnej aplikácie príkladom. Fázy vývoja mobilných aplikácií",
	howpublished = "\url{https://winpcguide.ru/sk/the-security-of-your-computer/procedura-razrabotki-mobilnogo-prilozheniya-na-primere-etapy-razrabotki/}",
}

% 3
@misc{eliteml,
	author = "Elite Blog - Monday Lovers",
	title = "Mobilné aplikácie v skratke",
	howpublished = "\url{https://www.eliteml.sk/blog/mobilne-aplikacie-v-skratke/}",
}

% 4
@misc{amazon,
	author = "AWS Amazon",
	title = "What is Mobile Application Development?",
	howpublished = "\url{https://aws.amazon.com/mobile/mobile-application-development/}",
}

% 5
@misc{eYewated2,
	author = "eYewated",
	title = "Android OS Vs. Apple iOS - čo je pre vývojárov lepšie?",
	howpublished = "\url{https://sk.eyewated.com/android-os-vs-apple-ios-co-je-pre-vyvojarov-lepsie/}",
}

% 6
@misc{wiki1,
	author = "Wikipédia",
	title = "Vývoj mobilních aplikací",
	howpublished = "\url{https://cs.wikipedia.org/wiki/V\%C3\%BDvoj_mobiln\%C3\%ADch_aplikac\%C3\%AD}",
}

%7
@misc{EMM1,
	author = "EMM",
	title = "Proces vývoja mobilnej aplikácie – Časť 1",
	howpublished = "\url{https://www.emm.sk/blog/our-customers-have-traditionally-valued-special-attention/}",
}

%8
@misc{Synetech,
	author = "SYMETECH",
	title = "Jak probíhá vývoj mobilních aplikací krok po kroku?",
	howpublished = "\url{https://synetech.cz/cs/blog/vyvoj-mobilnich-aplikaci-krok-po-kroku}",
}

%9
@misc{touch4it,
	author = "touch4IT",
	title = "Čo je to UX a UI a prečo bez toho dizajn nie je dizajnom?",
	howpublished = "\url{https://touch4it.sk/blog/ux-a-ui-dizajn}",
}

%10
@misc{openxcell,
	author = "Openxcell",
	title = "Mobile App Development Guide",
	howpublished = "\url{https://www.openxcell.com/mobile-app-development/}",
}

%11
@misc{buildfire,
	author = "buildfire",
	title = "8 Steps to Understanding The Mobile App Development Lifecycle",
	howpublished = "\url{https://buildfire.com/understanding-mobile-app-development-lifecycle/}",
}

%12
@misc{wiki2,
	author = "Wikipédia",
	title = "Wireframe",
	howpublished = "\url{https://sk.wikipedia.org/wiki/Wireframe}",
}

%13
@misc{pixelfield,
	author = "Pixelfield",
	title = "Vývoj mobilních aplikací - kompletní průvodce",
	howpublished = "\url{https://pixelfield.cz/vyvoj-aplikaci/#C1}",
}

%14
@misc{vivantina,
	author = "Vivantina",
	title = "Vysvetlenie skratky API",
	howpublished = "\url{https://www.vivantina.com/marketingovy-slovnik/api/}",
}

%15
@misc{wikigis,
	author = "GIS Wiki",
	title = "Application programming interface",
	howpublished = "\url{http://wiki.gis.com/wiki/index.php/Application_programming_interface}",
}

%16
@misc{EMM2,
	author = "EMM",
	title = "Proces vývoja mobilnej aplikácie – Časť 2",
	howpublished = "\url{https://www.emm.sk/blog/proces-vyvoja-mobilnej-aplikacie-cast-2/}",
}

%17
@misc{elite,
	author = "Elite Blog - Monday Lovers",
	title = "Ako postupovať pri vývoji mobilnej aplikácie? Poďme krok za krokom",
	howpublished = "\url{https://www.eliteml.sk/blog/ako-postupovat-pri-vyvoji-mobilnej-aplikacie-podme-krok-za-krokom/}",
}

%18
@misc{themanifest,
	author = "The Manifest",
	title = "What You Should Know About Long-Term App Maintenance",
	howpublished = "\url{https://themanifest.com/app-development/blog/long-term-app-maintenance}",
}

%19
@misc{eYewated3,
	author = "eYewated",
	title = "Android OS Vs. Apple iOS - čo je pre vývojárov lepšie?",
	howpublished = "\url{https://sk.eyewated.com/android-os-vs-apple-ios-co-je-pre-vyvojarov-lepsie/}",
}

%20
@misc{karaokeonlain,
	author = "Karaokeonlain",
	title = "Ako vyvinúť veľké aplikačné fázy. Proces vytvárania mobilných aplikácií. Personálne náklady",
	howpublished = "\url{https://karaokeonlain.ru/sk/kak-razrabatyvat-bolshie-prilozheniya-etapy-process-sozdaniya/}",
}